<record><leader>00000cas a2200000Ma 4500</leader><controlfield tag="001">950905032</controlfield><controlfield tag="008">830303d18151816dcudn ne      0    0eng d</controlfield><datafield ind1=" " ind2=" " tag="010"><subfield code="a">sn 82016297 </subfield></datafield><datafield ind1=" " ind2=" " tag="040"><subfield code="a">AQM</subfield><subfield code="b">eng</subfield><subfield code="c">AQM</subfield></datafield><datafield ind1="0" ind2="0" tag="245"><subfield code="a">Daily federal Republican.</subfield></datafield><datafield ind1=" " ind2=" " tag="260"><subfield code="a">Georgetown [i.e. Washington] D.C. :</subfield><subfield code="b">[Alexander C. Hanson and Jacob Wagner],</subfield><subfield code="c">1815-1816.</subfield></datafield><datafield ind1=" " ind2=" " tag="300"><subfield code="a">3 v. ;</subfield><subfield code="c">48-50 cm.</subfield></datafield><datafield ind1=" " ind2=" " tag="310"><subfield code="a">Daily (except Sun.)</subfield></datafield><datafield ind1="0" ind2=" " tag="362"><subfield code="a">Vol. 10, no. 1411 (Feb. 22, 1815)-v. 12, no. 1756 (Apr. 3, 1816).</subfield></datafield><datafield ind1=" " ind2=" " tag="500"><subfield code="a">Imprint supplied from Brigham.</subfield></datafield><datafield ind1="4" ind2=" " tag="510"><subfield code="a">Shaw, R.R. American bibliography,</subfield><subfield code="c">31284</subfield></datafield><datafield ind1="4" ind2=" " tag="510"><subfield code="a">Brigham, C.S. History and bibliography of American newspapers, 1690-1820,</subfield><subfield code="c">p. 89</subfield></datafield><datafield ind1=" " ind2=" " tag="530"><subfield code="a">Also available on microfilm from the Library of Congress Photoduplication Service.</subfield></datafield><datafield ind1=" " ind2=" " tag="580"><subfield code="a">Semiweekly ed.: Federal Republican (Georgetown, D.C. : 1813).</subfield></datafield><datafield ind1=" " ind2="7" tag="655"><subfield code="a">Newspapers.</subfield><subfield code="2">rbgenr</subfield></datafield><datafield ind1="2" ind2=" " tag="710"><subfield code="a">Alexander C. Hanson and Jacob Wagner (Firm),</subfield><subfield code="e">publisher.</subfield></datafield><datafield ind1=" " ind2=" " tag="752"><subfield code="a">United States</subfield><subfield code="b">District of Columbia</subfield><subfield code="c">District of Columbia</subfield><subfield code="d">Washington.</subfield></datafield><datafield ind1=" " ind2=" " tag="752"><subfield code="a">United States</subfield><subfield code="b">District of Columbia</subfield><subfield code="c">District of Columbia</subfield><subfield code="d">Georgetown.</subfield></datafield><datafield ind1="1" ind2=" " tag="775"><subfield code="t">Federal Republican (Georgetown, D.C. : 1813)</subfield><subfield code="w">(DLC)sn 83016036</subfield></datafield><datafield ind1="0" ind2="0" tag="780"><subfield code="t">Federal Republican (Georgetown, D.C. : 1813 : Daily)</subfield></datafield><datafield ind1="0" ind2="7" tag="785"><subfield code="t">Baltimore telegraph and mercantile advertiser</subfield><subfield code="w">(DLC)sn 84026871</subfield></datafield><datafield ind1="0" ind2="7" tag="785"><subfield code="t">Federal Republican and Baltimore telegraph</subfield><subfield code="w">(DLC)sn 83016003</subfield></datafield><datafield ind1="4" ind2="1" tag="856"><subfield code="u">http://infoweb.newsbank.com/?db=EANX&amp;s_browseRef=decades/107A06EFAB5F8018/all.xml</subfield><subfield code="y">America's Historical Newspapers</subfield></datafield></record>